<record xmlns="http://www.loc.gov/MARC21/slim">
   <leader>01270cam a2200313 a 4500</leader>
   <controlfield tag="001">1341604</controlfield>
   <controlfield tag="008">901210s1985    ru       b        0 rusod</controlfield>
   <datafield ind1=" " ind2=" " tag="010">
      <subfield code="a">   86117324</subfield>
   </datafield>
   <datafield ind1=" " ind2=" " tag="035">
      <subfield code="a">ocm13665455</subfield>
   </datafield>
   <datafield ind1=" " ind2=" " tag="040">
      <subfield code="a">DLC</subfield>
      <subfield code="b">eng</subfield>
      <subfield code="c">DLC</subfield>
   </datafield>
   <datafield ind1=" " ind2=" " tag="043">
      <subfield code="a">e-ur---</subfield>
   </datafield>
   <datafield ind1=" " ind2=" " tag="049">
      <subfield code="a">AEU</subfield>
      <subfield code="b">eng</subfield>
   </datafield>
   <datafield ind1="0" ind2="0" tag="050">
      <subfield code="a">HN530.Z9</subfield>
      <subfield code="b">S639 1985</subfield>
   </datafield>
   <datafield ind1="0" ind2=" " tag="090">
      <subfield code="a">HN 530 Z9 S6 R279 1985</subfield>
   </datafield>
   <datafield ind1="0" ind2="0" tag="245">
      <subfield code="a">Razvitie sot͡sialʹnoĭ struktury obshchestva v SSSR :</subfield>
      <subfield code="b">aktualʹnye problemy sot͡siologicheskikh issledovaniĭ /</subfield>
      <subfield code="c">otvetstvennyĭ redaktor V.N. Ivanov.</subfield>
   </datafield>
   <datafield ind1=" " ind2=" " tag="260">
      <subfield code="a">Moskva :</subfield>
      <subfield code="b">"Nauka",</subfield>
      <subfield code="c">1985.</subfield>
   </datafield>
   <datafield ind1=" " ind2=" " tag="300">
      <subfield code="a">189 p. ;</subfield>
      <subfield code="c">22 cm.</subfield>
   </datafield>
   <datafield ind1=" " ind2=" " tag="336">
      <subfield code="a">text</subfield>
      <subfield code="b">txt</subfield>
      <subfield code="2">rdacontent</subfield>
   </datafield>
   <datafield ind1=" " ind2=" " tag="337">
      <subfield code="a">unmediated</subfield>
      <subfield code="b">n</subfield>
      <subfield code="2">rdamedia</subfield>
   </datafield>
   <datafield ind1=" " ind2=" " tag="338">
      <subfield code="a">volume</subfield>
      <subfield code="b">nc</subfield>
      <subfield code="2">rdacarrier</subfield>
   </datafield>
   <datafield ind1=" " ind2=" " tag="500">
      <subfield code="a">At head of title: Akademii͡a nauk SSSR. Institut sot͡siologicheskikh issledovaniĭ.</subfield>
   </datafield>
   <datafield ind1=" " ind2=" " tag="504">
      <subfield code="a">Includes bibliographical references.</subfield>
   </datafield>
   <datafield ind1=" " ind2=" " tag="596">
      <subfield code="a">38</subfield>
   </datafield>
   <datafield ind1=" " ind2="0" tag="650">
      <subfield code="a">Social classes</subfield>
      <subfield code="z">Soviet Union.</subfield>
   </datafield>
   <datafield ind1=" " ind2="0" tag="650">
      <subfield code="a">Social structure</subfield>
      <subfield code="z">Soviet Union.</subfield>
   </datafield>
   <datafield ind1=" " ind2="0" tag="651">
      <subfield code="a">Soviet Union</subfield>
      <subfield code="x">Social conditions</subfield>
      <subfield code="y">1945-1991.</subfield>
   </datafield>
   <datafield ind1="1" ind2=" " tag="700">
      <subfield code="a">Ivanov, V. N.</subfield>
      <subfield code="q">(Vilen Nikolaevich),</subfield>
      <subfield code="d">1934-</subfield>
   </datafield>
   <datafield ind1="2" ind2=" " tag="710">
      <subfield code="a">Institut sot͡siologicheskikh issledovaniĭ (Akademii͡a nauk SSSR)</subfield>
   </datafield>
   <datafield ind1=" " ind2=" " tag="926">
      <subfield code="a">HN 530 Z9 S6 R279 1985</subfield>
      <subfield code="w">LC</subfield>
      <subfield code="c">1</subfield>
      <subfield code="i">000035182302</subfield>
      <subfield code="l">ON_SHELF</subfield>
      <subfield code="m">UABARD</subfield>
      <subfield code="p">$150.00</subfield>
      <subfield code="r">Y</subfield>
      <subfield code="s">Y</subfield>
      <subfield code="t">BOOK</subfield>
      <subfield code="u">12/17/1990</subfield>
      <subfield code="o">.STAFF. A0047467</subfield>
   </datafield>
</record>
